@article{coughlan1985competition,
  title={Competition and cooperation in marketing channel choice: Theory and application},
  author={Coughlan, Anne T},
  journal={Marketing science},
  volume={4},
  number={2},
  pages={110--129},
  year={1985},
  publisher={INFORMS}
}
